%Fueste del dataset utilizado
@misc{luay2025NetFlowDatasetsV3,
title = {Temporal Analysis of NetFlow Datasets for Network Intrusion Detection Systems},
author = {Majed Luay and Siamak Layeghy and Seyedehfaezeh Hosseininoorbin and Mohanad Sarhan and Nour Moustafa and Marius Portmann},
year = {2025},
eprint = {2503.04404},
archivePrefix= {arXiv},\
primaryClass = {cs.LG},
url = {https://arxiv.org/abs/2503.04404}
}

%Fuentes de la metodoogía CRISP-DM
@book{chapman2000crisp,
  title={CRISP-DM 1.0: Step-by-step data mining guide},
  author={Chapman, Pete and Clinton, Julian and Kerber, Randy and Khabaza, Thomas and Reinartz, Thomas and Shearer, Colin and Wirth, Rüdiger},
  year={2000},
  publisher={SPSS Inc.},
  url={https://www.the-modeling-agency.com/crisp-dm.pdf}
}

@article{mariscal2010survey,
  title={A survey of data mining and knowledge discovery process models and methodologies},
  author={Mariscal, Gonzalo and Marb{\'a}n, {\'O}scar and Fern{\'a}ndez, Carlos},
  journal={The Knowledge Engineering Review},
  volume={25},
  number={2},
  pages={137--166},
  year={2010},
  publisher={Cambridge University Press},
  doi={10.1017/S0269888910000032}
}

%Fuentes de modelos neuronales enfocados a la ciberseguridad
@article{liu2020deep,
  title={Deep learning for anomaly detection in cybersecurity: A survey},
  author={Liu, Fei Tony and Ting, Kai Ming and Zhou, Zhi-Hua},
  journal={IEEE Transactions on Neural Networks and Learning Systems},
  volume={33},
  number={4},
  pages={1542--1559},
  year={2020},
  publisher={IEEE},
  doi={10.1109/TNNLS.2021.3116600}
}

@inproceedings{vinayakumar2019deep,
  title={Deep learning approaches for network intrusion detection: A comparative analysis},
  author={Vinayakumar, R and Soman, KP and Poornachandran, Praveen},
  booktitle={2019 International Conference on Advances in Computing, Communication and Control (ICAC3)},
  pages={1--6},
  year={2019},
  organization={IEEE},
  doi={10.1109/ICAC347590.2019.9036785}
}

%Fuentes de utilización de la IA en ciberataques
@article{hussain2021ai,
  title={AI in cybersecurity: Offensive and defensive use cases},
  author={Hussain, Farhan and Abbas, Syed Ghazanfar and Husnain, Muhammad and Fayyaz, Umer Umer and Shahzad, Faisal},
  journal={IEEE Access},
  volume={9},
  pages={94725--94748},
  year={2021},
  publisher={IEEE},
  doi={10.1109/ACCESS.2021.3093757}
}

@report{nist2021ai,
  title={Adversarial Machine Learning: A Taxonomy and Terminology of Attacks and Mitigations},
  author={National Institute of Standards and Technology (NIST)},
  year={2021},
  institution={NIST},
  url={https://nvlpubs.nist.gov/nistpubs/ai/NIST.AI.100-2e2023.pdf}
}






